@article{knowles78,
  title = {Andragogy: {{Adult}} Learning Theory in Perspective},
  author = {Knowles, M. S.},
  date = {1978},
  journaltitle = {Community College Review},
  volume = {5},
  number = {3},
  pages = {9--20},
 
}
